<?xml version = "1.0" encoding = "UTF-8"?><OAI-PMH xmlns="http://www.openarchives.org/OAI/2.0/" xmlns:xsi="http://www.w3.org/2001/XMLSchema-instance" xsi:schemaLocation="http://www.openarchives.org/OAI/2.0/ http://www.openarchives.org/OAI/2.0/OAI-PMH.xsd"><ListRecords><record><header><identifier>aleph-publish:004741300</identifier></header><metadata><record xmlns="http://www.ddb.de/professionell/mabxml/mabxml-1.xsd"><leader>00375vM2.01200024------h</leader><controlfield tag="LDR">00375vM2.01200024------h</controlfield><controlfield tag="FMT">MH</controlfield><datafield tag="001" ind1="-" ind2="1"><subfield code="a">HT011143010</subfield></datafield><datafield tag="002" ind1="a" ind2="1"><subfield code="a">19991130</subfield></datafield><datafield tag="003" ind1="-" ind2="1"><subfield code="a">20020425</subfield></datafield><controlfield tag="030">a|1uc||||||17</controlfield><datafield tag="036" ind1="a" ind2="1"><subfield code="a">DE</subfield></datafield><datafield tag="037" ind1="b" ind2="1"><subfield code="a">ger</subfield></datafield><controlfield tag="050">a|||||||||||||</controlfield><controlfield tag="051">my||||||</controlfield><datafield tag="070" ind1="-" ind2="1"><subfield code="a">385</subfield></datafield><datafield tag="070" ind1="b" ind2="1"><subfield code="a">HBZ/Red</subfield></datafield><datafield tag="080" ind1="-" ind2="1"><subfield code="a">60</subfield></datafield><datafield tag="100" ind1="-" ind2="1"><subfield code="p">Eyers, Annette</subfield><subfield code="9">(DE-588)173345549</subfield></datafield><datafield tag="331" ind1="-" ind2="1"><subfield code="a">&lt;&lt;Die&gt;&gt; Entkriminalisierung des Schwarzfahrens in den sog. &quot;Einmalfällen&quot;</subfield></datafield><datafield tag="359" ind1="-" ind2="1"><subfield code="a">vorgelegt von Annette Eyers</subfield></datafield><datafield tag="425" ind1="a" ind2="1"><subfield code="a">1999</subfield></datafield><datafield tag="433" ind1="-" ind2="1"><subfield code="a">LXIV, 279 S.</subfield></datafield><datafield tag="519" ind1="-" ind2="1"><subfield code="a">Gießen, Univ., Diss., 1999</subfield></datafield><datafield tag="673" ind1="c" ind2="1"><subfield code="a">Gießen</subfield><subfield code="9">1028168-X</subfield></datafield><datafield tag="902" ind1="-" ind2="1"><subfield code="g">Deutschland</subfield><subfield code="9">(DE-588)4011882-4</subfield></datafield><datafield tag="902" ind1="-" ind2="1"><subfield code="s">Öffentlicher Personennahverkehr</subfield><subfield code="9">(DE-588)4043176-9</subfield></datafield><datafield tag="902" ind1="-" ind2="1"><subfield code="s">Schwarzfahrt</subfield><subfield code="9">(DE-588)4393007-4</subfield></datafield><datafield tag="902" ind1="-" ind2="1"><subfield code="s">Erschleichen von Leistungen</subfield><subfield code="9">(DE-588)4393008-6</subfield></datafield><datafield tag="902" ind1="-" ind2="1"><subfield code="s">Entkriminalisierung</subfield><subfield code="9">(DE-588)4014880-4</subfield></datafield><datafield tag="903" ind1="-" ind2="1"><subfield code="a">23451</subfield><subfield code="a">32451</subfield><subfield code="a">45231</subfield><subfield code="a">54231</subfield></datafield><controlfield tag="SYS">004741300</controlfield><datafield tag="LOW" ind1="-" ind2="1"><subfield code="a">C0001</subfield></datafield><datafield tag="LOW" ind1="-" ind2="1"><subfield code="a">Q1105</subfield></datafield><datafield tag="LOW" ind1="-" ind2="1"><subfield code="a">M1114</subfield></datafield><datafield tag="952" ind1="-" ind2="1"><subfield code="g">Deutsche Länder</subfield></datafield><datafield tag="952" ind1="-" ind2="1"><subfield code="g">Germany</subfield><subfield code="h">Deutschland</subfield></datafield><datafield tag="952" ind1="-" ind2="1"><subfield code="g">Heiliges Römisches Reich</subfield></datafield><datafield tag="952" ind1="-" ind2="1"><subfield code="g">Rheinbund</subfield></datafield><datafield tag="952" ind1="-" ind2="1"><subfield code="g">Deutscher Bund</subfield></datafield><datafield tag="952" ind1="-" ind2="1"><subfield code="g">Norddeutscher Bund</subfield></datafield><datafield tag="952" ind1="-" ind2="1"><subfield code="g">Deutsches Reich</subfield></datafield><datafield tag="952" ind1="-" ind2="1"><subfield code="g">Deutschland</subfield><subfield code="h">Gebiet unter Alliierter Besatzung</subfield></datafield><datafield tag="952" ind1="-" ind2="1"><subfield code="g">Deutschland</subfield><subfield code="h">Bundesrepublik, 1990-</subfield></datafield><datafield tag="952" ind1="-" ind2="1"><subfield code="g">BRD</subfield><subfield code="h">1990-</subfield></datafield><datafield tag="952" ind1="-" ind2="1"><subfield code="g">Federal Republic of Germany</subfield><subfield code="h">Deutschland</subfield></datafield><datafield tag="952" ind1="-" ind2="1"><subfield code="g">Republic of Germany</subfield><subfield code="h">Deutschland</subfield></datafield><datafield tag="952" ind1="-" ind2="1"><subfield code="g">Allemagne</subfield><subfield code="h">Deutschland</subfield></datafield><datafield tag="952" ind1="-" ind2="1"><subfield code="g">Ǧumhūrīyat Almāniyā al-Ittiḥādīya</subfield></datafield><datafield tag="952" ind1="-" ind2="1"><subfield code="g">Bundesrepublik Deutschland</subfield><subfield code="h">1990-</subfield></datafield><datafield tag="952" ind1="-" ind2="1"><subfield code="g">BRD</subfield></datafield><datafield tag="952" ind1="-" ind2="1"><subfield code="g">Niemcy</subfield></datafield><datafield tag="952" ind1="-" ind2="1"><subfield code="g">République Fédérale d&apos;Allemagne</subfield><subfield code="h">Deutschland</subfield></datafield><datafield tag="952" ind1="-" ind2="1"><subfield code="g">Repubblica Federale di Germania</subfield><subfield code="h">Deutschland</subfield></datafield><datafield tag="952" ind1="-" ind2="1"><subfield code="g">Germanija</subfield></datafield><datafield tag="952" ind1="-" ind2="1"><subfield code="g">Federativnaja Respublika Germanija</subfield></datafield><datafield tag="952" ind1="-" ind2="1"><subfield code="g">FRG</subfield></datafield><datafield tag="952" ind1="-" ind2="1"><subfield code="g">Deyizhi-Lianbang-Gongheguo</subfield></datafield><datafield tag="952" ind1="-" ind2="1"><subfield code="s">Öffentlicher Nahverkehr</subfield></datafield><datafield tag="952" ind1="-" ind2="1"><subfield code="s">ÖPNV</subfield></datafield><datafield tag="952" ind1="-" ind2="1"><subfield code="s">Schwarzfahrer</subfield></datafield><datafield tag="952" ind1="-" ind2="1"><subfield code="s">Schwarzfahren</subfield></datafield><datafield tag="952" ind1="-" ind2="1"><subfield code="s">Leistungserschleichung</subfield></datafield><datafield tag="952" ind1="-" ind2="1"><subfield code="s">Liberalisierung</subfield><subfield code="x">Strafrecht</subfield></datafield><datafield tag="952" ind1="-" ind2="1"><subfield code="s">Legalisierung</subfield><subfield code="h">Entkriminalisierung</subfield></datafield><datafield tag="088" ind1=" " ind2=" "><subfield code="a">6/228</subfield><subfield code="b">00027001</subfield><subfield code="c">Diss II 19293</subfield><subfield code="e">keine ILL</subfield></datafield><datafield tag="088" ind1=" " ind2=" "><subfield code="a">361</subfield><subfield code="b">00000011</subfield><subfield code="c">KF209 E97</subfield><subfield code="e">Keine Angabe</subfield></datafield><datafield tag="088" ind1=" " ind2=" "><subfield code="a">5/34</subfield><subfield code="b">00013002</subfield><subfield code="c">Kf 136</subfield><subfield code="e">keine ILL</subfield></datafield><datafield tag="088" ind1=" " ind2=" "><subfield code="a">385</subfield><subfield code="c">u51180</subfield><subfield code="e">Normalausleihe</subfield></datafield><datafield tag="088" ind1=" " ind2=" "><subfield code="a">466</subfield><subfield code="b">03</subfield><subfield code="c">D12617</subfield><subfield code="e">Magazinausleihe</subfield></datafield></record></metadata></record></ListRecords></OAI-PMH>